%YAML 1.1
%TAG !u! tag:unity3d.com,2011:
--- !u!1 &6014620309393926950
GameObject:
  m_ObjectHideFlags: 0
  m_CorrespondingSourceObject: {fileID: 0}
  m_PrefabInstance: {fileID: 0}
  m_PrefabAsset: {fileID: 0}
  serializedVersion: 6
  m_Component:
  - component: {fileID: 3608949340732187098}
  - component: {fileID: 8653701392492152047}
  - component: {fileID: 3298091932619554672}
  - component: {fileID: 4072059446438141118}
  m_Layer: 0
  m_Name: Sphere
  m_TagString: Untagged
  m_Icon: {fileID: 0}
  m_NavMeshLayer: 0
  m_StaticEditorFlags: 0
  m_IsActive: 1
--- !u!4 &3608949340732187098
Transform:
  m_ObjectHideFlags: 0
  m_CorrespondingSourceObject: {fileID: 0}
  m_PrefabInstance: {fileID: 0}
  m_PrefabAsset: {fileID: 0}
  m_GameObject: {fileID: 6014620309393926950}
  m_LocalRotation: {x: 0.08540323, y: -0.07153965, z: -0.69267887, w: 0.7125899}
  m_LocalPosition: {x: -0.401, y: 1.233, z: 0.3257}
  m_LocalScale: {x: 0.018290093, y: 0.018290097, z: 0.018290084}
  m_Children: []
  m_Father: {fileID: 804974982702060963}
  m_RootOrder: 3
  m_LocalEulerAnglesHint: {x: 0, y: 0, z: 0}
--- !u!33 &8653701392492152047
MeshFilter:
  m_ObjectHideFlags: 0
  m_CorrespondingSourceObject: {fileID: 0}
  m_PrefabInstance: {fileID: 0}
  m_PrefabAsset: {fileID: 0}
  m_GameObject: {fileID: 6014620309393926950}
  m_Mesh: {fileID: 10207, guid: 0000000000000000e000000000000000, type: 0}
--- !u!23 &3298091932619554672
MeshRenderer:
  m_ObjectHideFlags: 0
  m_CorrespondingSourceObject: {fileID: 0}
  m_PrefabInstance: {fileID: 0}
  m_PrefabAsset: {fileID: 0}
  m_GameObject: {fileID: 6014620309393926950}
  m_Enabled: 1
  m_CastShadows: 1
  m_ReceiveShadows: 1
  m_DynamicOccludee: 1
  m_MotionVectors: 1
  m_LightProbeUsage: 1
  m_ReflectionProbeUsage: 1
  m_RenderingLayerMask: 1
  m_RendererPriority: 0
  m_Materials:
  - {fileID: 10303, guid: 0000000000000000f000000000000000, type: 0}
  m_StaticBatchInfo:
    firstSubMesh: 0
    subMeshCount: 0
  m_StaticBatchRoot: {fileID: 0}
  m_ProbeAnchor: {fileID: 0}
  m_LightProbeVolumeOverride: {fileID: 0}
  m_ScaleInLightmap: 1
  m_ReceiveGI: 1
  m_PreserveUVs: 0
  m_IgnoreNormalsForChartDetection: 0
  m_ImportantGI: 0
  m_StitchLightmapSeams: 1
  m_SelectedEditorRenderState: 3
  m_MinimumChartSize: 4
  m_AutoUVMaxDistance: 0.5
  m_AutoUVMaxAngle: 89
  m_LightmapParameters: {fileID: 0}
  m_SortingLayerID: 0
  m_SortingLayer: 0
  m_SortingOrder: 0
--- !u!135 &4072059446438141118
SphereCollider:
  m_ObjectHideFlags: 0
  m_CorrespondingSourceObject: {fileID: 0}
  m_PrefabInstance: {fileID: 0}
  m_PrefabAsset: {fileID: 0}
  m_GameObject: {fileID: 6014620309393926950}
  m_Material: {fileID: 0}
  m_IsTrigger: 0
  m_Enabled: 1
  serializedVersion: 2
  m_Radius: 0.5
  m_Center: {x: 0, y: 0, z: 0}
--- !u!1 &7880624068486270667
GameObject:
  m_ObjectHideFlags: 0
  m_CorrespondingSourceObject: {fileID: 0}
  m_PrefabInstance: {fileID: 0}
  m_PrefabAsset: {fileID: 0}
  serializedVersion: 6
  m_Component:
  - component: {fileID: 6559141076577451224}
  - component: {fileID: -4010886713807311395}
  - component: {fileID: -5077828991043957045}
  m_Layer: 0
  m_Name: m4a1 prefab
  m_TagString: Untagged
  m_Icon: {fileID: 0}
  m_NavMeshLayer: 0
  m_StaticEditorFlags: 0
  m_IsActive: 1
--- !u!4 &6559141076577451224
Transform:
  m_ObjectHideFlags: 0
  m_CorrespondingSourceObject: {fileID: 0}
  m_PrefabInstance: {fileID: 0}
  m_PrefabAsset: {fileID: 0}
  m_GameObject: {fileID: 7880624068486270667}
  m_LocalRotation: {x: 0, y: 0, z: 0, w: 1}
  m_LocalPosition: {x: -0, y: 0, z: 0}
  m_LocalScale: {x: 1, y: 1, z: 1}
  m_Children:
  - {fileID: 804974982702060963}
  m_Father: {fileID: 0}
  m_RootOrder: 0
  m_LocalEulerAnglesHint: {x: 0, y: 0, z: 0}
--- !u!114 &-4010886713807311395
MonoBehaviour:
  m_ObjectHideFlags: 0
  m_CorrespondingSourceObject: {fileID: 0}
  m_PrefabInstance: {fileID: 0}
  m_PrefabAsset: {fileID: 0}
  m_GameObject: {fileID: 7880624068486270667}
  m_Enabled: 1
  m_EditorHideFlags: 0
  m_Script: {fileID: 11500000, guid: fc54a3dc127798a4b99751e24cf614ee, type: 3}
  m_Name: 
  m_EditorClassIdentifier: 
  identificador: 
  imagenInventario: {fileID: 2845726387422645103, guid: 7c8d89ba04faa0a449cf0ea85506a679,
    type: 3}
  prefabParaDropear: {fileID: 0}
  inventaryIndex: 0
  inventario: {fileID: 0}
  precio: 200
  particulas: {fileID: 9174033363675394959, guid: c02f0a68c355f4541904e15a1a860709,
    type: 3}
  camera: {fileID: 0}
  mirilla: {fileID: 0}
  posicionBala: {fileID: 3608949340732187098}
  "da\xF1o": 5
  cadencia: 0.1
  balasBolsillo: 0
  balasMaxCargador: 20
  balasMaxBolsillo: 80
  canShoot: 0
  isReloading: 0
  LockGun: 0
--- !u!114 &-5077828991043957045
MonoBehaviour:
  m_ObjectHideFlags: 0
  m_CorrespondingSourceObject: {fileID: 0}
  m_PrefabInstance: {fileID: 0}
  m_PrefabAsset: {fileID: 0}
  m_GameObject: {fileID: 7880624068486270667}
  m_Enabled: 1
  m_EditorHideFlags: 0
  m_Script: {fileID: -36112512, guid: 5b00bf8b25851d440940a40ec23344f4, type: 3}
  m_Name: 
  m_EditorClassIdentifier: 
  _sceneGuid: 
  _serializerGuid: 5ca31d40-a2fb-441b-ac8b-aed3459c0d35
  _prefabId: 1
  _updateRate: 1
  _autoFreezeProxyFrames: 0
  _clientPredicted: 1
  _allowInstantiateOnClient: 1
  _persistThroughSceneLoads: 0
  _sceneObjectDestroyOnDetach: 1
  _sceneObjectAutoAttach: 1
  _alwaysProxy: 0
  _detachOnDisable: 1
  _allowFirstReplicationWhenFrozen: 0
  _autoRemoveChildEntities: 0
  _entityBehaviourQueryOption: 0
  _entityPriorityCalculatorQueryOption: 0
  _entityReplicationFilterQueryOption: 0
--- !u!1001 &5643411336350269113
PrefabInstance:
  m_ObjectHideFlags: 0
  serializedVersion: 2
  m_Modification:
    m_TransformParent: {fileID: 6559141076577451224}
    m_Modifications:
    - target: {fileID: -927199367670048503, guid: f66971b84b9ac904e807537fcdf666c8,
        type: 3}
      propertyPath: m_Name
      value: weapons
      objectReference: {fileID: 0}
    - target: {fileID: -4216859302048453862, guid: f66971b84b9ac904e807537fcdf666c8,
        type: 3}
      propertyPath: m_LocalPosition.x
      value: -0.0543
      objectReference: {fileID: 0}
    - target: {fileID: -4216859302048453862, guid: f66971b84b9ac904e807537fcdf666c8,
        type: 3}
      propertyPath: m_LocalPosition.y
      value: -1.1615
      objectReference: {fileID: 0}
    - target: {fileID: -4216859302048453862, guid: f66971b84b9ac904e807537fcdf666c8,
        type: 3}
      propertyPath: m_LocalPosition.z
      value: -0.2893
      objectReference: {fileID: 0}
    - target: {fileID: -4216859302048453862, guid: f66971b84b9ac904e807537fcdf666c8,
        type: 3}
      propertyPath: m_LocalRotation.x
      value: 0.048321053
      objectReference: {fileID: 0}
    - target: {fileID: -4216859302048453862, guid: f66971b84b9ac904e807537fcdf666c8,
        type: 3}
      propertyPath: m_LocalRotation.y
      value: 0.33093256
      objectReference: {fileID: 0}
    - target: {fileID: -4216859302048453862, guid: f66971b84b9ac904e807537fcdf666c8,
        type: 3}
      propertyPath: m_LocalRotation.z
      value: 0.21841668
      objectReference: {fileID: 0}
    - target: {fileID: -4216859302048453862, guid: f66971b84b9ac904e807537fcdf666c8,
        type: 3}
      propertyPath: m_LocalRotation.w
      value: 0.91675675
      objectReference: {fileID: 0}
    - target: {fileID: -4216859302048453862, guid: f66971b84b9ac904e807537fcdf666c8,
        type: 3}
      propertyPath: m_RootOrder
      value: 0
      objectReference: {fileID: 0}
    - target: {fileID: -4216859302048453862, guid: f66971b84b9ac904e807537fcdf666c8,
        type: 3}
      propertyPath: m_LocalEulerAnglesHint.x
      value: -3.2080002
      objectReference: {fileID: 0}
    - target: {fileID: -4216859302048453862, guid: f66971b84b9ac904e807537fcdf666c8,
        type: 3}
      propertyPath: m_LocalEulerAnglesHint.y
      value: 38.966003
      objectReference: {fileID: 0}
    - target: {fileID: -4216859302048453862, guid: f66971b84b9ac904e807537fcdf666c8,
        type: 3}
      propertyPath: m_LocalEulerAnglesHint.z
      value: 25.666
      objectReference: {fileID: 0}
    m_RemovedComponents: []
  m_SourcePrefab: {fileID: 100100000, guid: f66971b84b9ac904e807537fcdf666c8, type: 3}
--- !u!4 &804974982702060963 stripped
Transform:
  m_CorrespondingSourceObject: {fileID: -4216859302048453862, guid: f66971b84b9ac904e807537fcdf666c8,
    type: 3}
  m_PrefabInstance: {fileID: 5643411336350269113}
  m_PrefabAsset: {fileID: 0}
